2948 4896
724 193 952 282 *10—

201 343 205 363 ¹
257 369 262 376 ’
336 351 414 448 oilla
432 367 550 451 ἀὐτός
570 377 716 476 πρῶτον
740 365 969 475 ὑπάρξαντα
989 360 1126 452 ciliane
1155 373 1275 473 ἔργων
1300 376 1340 454 s's

335 491 649 604 τούςἝλληνας,
674 507 806 583 τοῦτον
825 496 988 600 σημήνας
1003 493 1276 605 παραβήσομαι
1301 505 1341 581 ἐς

233 648 237 660 “
334 627 378 710 τὰ
402 623 523 732 πρόσω
546 637 616 710 τοῦ
641 626 758 727 λόγου
783 629 835 688 4-
859 655 964 704 more
995 657 1064 705 sno
1094 625 1256 732 ¹uberius
1290 627 1338 702 de

333 754 407 830 boc
426 771 471 831 et
497 759 693 862 Lydorum
735 759 857 864 rebus,
876 740 1055 836 ‘universe
1092 758 1252 834 disserit:
1299 759 1337 833 A

288 881 293 888 ’
333 886 554 987 capitevero
579 891 683 963 XCV
703 888 809 990 prior
824 887 954 988 incipit
971 888 1086 962 totius
1096 888 1221 988 operis
1233 912 1333 988 pars,

333 1043 428 1118 quae
453 1019 598 1119 imperii
623 1020 782 1114 Persici,
808 1018 922 1117 cujus,¹
938 1037 1023 1092 cum
1050 1017 1207 1096 Graecia
1238 1043 1335 1090 oon—

111 1238 117 1257 ·
333 1173 461 1221 cursus
482 1149 600 1223 *linem
627 1151 749 1250 operis
775 1140 897 1251 atque
921 1171 1105 1224 summam
1134 1147 1339 1239 constituit,

330 1274 556 1352 incrementa
594 1293 704 1381 atque
738 1303 956 1382 progressus
988 1275 1169 1351 lectorum
1202 1276 1337 1350 animis

330 1399 497 1501 subjicit,
523 1433 618 1507 quae
641 1433 728 1508 pars
747 1405 801 1478 ibi
830 1405 981 1478 demum
1009 1407 1247 1498 terminatur,
1267 1401 1335 1479 ubi

281 1563 283 1572 ¹
328 1533 409 1633 ipsa
432 1531 619 1610 bellorum
644 1536 880 1610 Persicorum
905 1536 1070 1610 narratio
1094 1535 1232 1637 incipit.

356 1788 359 1805 ’
403 1763 655 1840 Proficiscitur
676 1792 765 1842 vero
787 1744 946 1876 Heysius
974 1761 1023 1838 ab
1057 1789 1100 1838 ea
1139 1763 1331 1864 opinione,

256 1926 258 1930 ¹
310 1879 403 1994 'qua
439 1891 604 1994 singulae
637 1895 725 1972 libri
749 1911 872 1998 partes
900 1895 1097 1998 separatim
1122 1893 1285 1994 primum
1310 1921 1336 1970 a

209 2019 211 2025 ’
248 2049 251 2056 ’
326 2034 456 2096 nostro
483 2023 712 2124 conscriptae
738 2040 773 2098 et
792 2038 924 2125 postea
949 2023 1098 2105 demum
1133 2023 1181 2098 ad
1213 2050 1333 2099 unum

280 2165 290 2240 ζ
327 2174 464 2248 corpus
529 2128 748 2247 conjunctae
811 2177 889 2224 esse
952 2125 1138 2251 putantur.
1216 2153 1334 2246 Quod

296 2299 299 2304 ’
325 2273 557 2376 aliquatenus
585 2276 781 2379 probabile
815 2288 913 2371 esse,
939 2279 1196 2388 concedimus,
1227 2307 1333 2382 quo-

223 2401 225 2406 ’
321 2385 441 2510 ¹usquc
483 2421 573 2486 vcro
602 2410 803 2510 pertineat,
836 2408 876 2484 id
904 2385 1109 2484 accuratius
1148 2408 1337 2486 definien-

323 2535 425 2610 dum.
484 2539 529 2628 ln
570 2538 785 2612 universum
818 2536 953 2636 liquet,
988 2537 1030 2611 in
1066 2563 1178 2637 opere
1210 2533 1332 2612 ‚hocce

322 2663 521 2740 condendo
548 2680 684 2739 certam
709 2665 972 2774 definitumque
997 2667 1181 2742 Herodoti
1204 2667 1332 2742 animo

262 2861 264 2868 .
322 2792 555 2872 obversatam
573 2822 651 2870 esse
667 2794 973 2898 descriptionem,
1000 2811 1141 2870 certum
1157 2797 1329 2872 ordinem

255 2923 258 2932 ’
321 2952 519 3027 rerumque
545 2925 689 3033 seriem.
740 2922 891 3028 Ubique
917 2924 1163 3026 respiciuntur
1186 2937 1328 2999 ceterae

217 3032 234 3097 Ῐ
320 3029 544 3130 narrationis
576 3070 723 3158 partes,
764 3071 825 3147 ut,
860 3057 943 3155 quis
977 3056 1110 3156 cuique
1134 3053 1189 3127 rei
1221 3031 1329 3126 locus

320 3188 385 3280 sit,
411 3183 688 3286 diligentissime
710 3186 967 3286 distinguatur.
1019 3184 1133 3278 Quod
1174 3182 1329 3284 quidem

318 3312 400 3388 luce
424 3314 556 3390 clarius
578 3332 732 3417 apparet
748 3345 796 3390 ex
812 3316 858 3390 iis
880 3313 985 3410 locis,
1009 3312 1146 3416 quibus
1165 3314 1326 3413 scriptor

319 3460 383 3520 aut
407 3445 457 3518 ad
474 3449 725 3524 antecedentia
750 3461 813 3524 aut
835 3448 884 3522 ad
906 3447 1096 3550 sequentia
1110 3472 1180 3520 nos
1192 3443 1327 3518 remit-

317 3574 370 3648 tit.
397 3575 446 3668 Π,
473 3585 533 3660 38.
557 3574 611 3656 rol
632 3577 709 3675 ἐγώ
731 3585 772 3660 ἑν
790 3574 911 3686 ἄλλῳ
939 3571 1046 3684 λόγῳ
1071 3573 1161 3681 ἐρέω
1187 3570 1326 3674 (innuit

321 3699 442 3778 locum
468 3705 544 3796 111,
570 3703 664 3802 28.);
690 3707 747 3799 II,
777 3712 861 3792 161.
886 3704 1038 3779 remittit
1067 3703 1115 3780 ad
1140 3704 1206 3794 tv,
1227 3713 1322 3798 1593
