2948 4896
483 381 624 457 ...35
655 407 713 424 ...-

167 565 306 638 Sensus
325 559 605 664 ¹'imbecillitatis
636 556 791 660 impellit
824 555 1016 636 hominem
1052 549 1101 640 ad

91 691 330 792 cogitandam
369 694 466 786 vim,
501 691 560 766 cui
595 685 781 762 obnoxius
812 689 861 762 sit
895 715 917 762 a
949 716 1098 791 quaque

89 819 259 920 pendeat
320 824 425 915 Quae
465 821 639 922 cogitatio
664 817 710 892 si
747 831 823 891 tam
867 843 1002 917 parum
1042 833 1098 925 est

92 946 264 1042 definita,
288 958 330 1023 ut
362 949 457 1025 nihil
488 952 553 1043 sit,
576 927 658 1024 'nisi
690 936 873 1021 obscdrus
906 971 1031 1019 rerum
1052 928 1097 1020 in

91 1101 164 1149 nos
178 1077 398 1154 irruentium
422 1105 569 1173 sensus,
593 1103 755 1178 *quarum
772 1100 892 1178 neque
909 1101 1098 1182 connexus

20 1289 23 1292 ¹
90 1229 212 1306 neque
246 1223 379 1283 natura
413 1223 524 1310 atque
558 1207 663 1306 origo
701 1219 823 1283 mente
856 1206 1096 1307 concipiatur,

88 1329 269 1412 habemns
295 1323 354 1430 id,
380 1338 483 1437 quod
508 1333 722 1441 appellatur·
737 1333 890 1408 nomine
899 1339 1097 1430 fortunae,

29 1535 33 1545 f
89 1460 227 1560 τύχνς,
246 1463 312 1537 c'ui
336 1467 490 1565 propria
505 1456 691 1538 temeritas
707 1474 818 1562 atque
840 1462 1098 1542 inconstantia.

89 1571 301 1696 Definitior¹
316 1607 371 1667 est
390 1595 494 1669 notio
514 1597 617 1689 soti,
649 1589 844 1662 accedente
875 1594 1098 1692 cogitatione

88 1720 337 1816 necessitatis',
363 1735 428 1794 aut
452 1720 548 1820 ipsis
574 1716 687 1794 rebus
712 1716 935 1794 inhaerentis
949 1733 1118 1795 aeterno«

90 1871 286 1924 causarum
310 1877 423 1942 nexu,
449 1863 514 1924 aut
534 1848 759 1929 extrinsecus
782 1849 987 1950 impositae.
1020 1851 1102 1922 Hao

91 1975 260 2078 denique·
280 1977 439 2082 auctiors
458 1991 513 2050 est
544 1976 821 2079 perfectiorque
855 2002 917 2070 ea,
953 1975 999 2048 de
1024 2001 1100 2074 qua

88 2101 152 2178 hic
180 2106 351 2206 agimus,
399 2109 667 2184 moderationis
718 2105 864 2182 diuinae
912 2105 1099 2204 cogitatio,

89 2261 165 2335 qua
186 2249 287 2309 certo
319 2237 540 2310 constitutus
568 2262 695 2330 rerum
728 2237 822 2310 ordo
861 2233 1007 2340 (samm)
1049 2231 1098 2306 ad

88 2363 225 2450 mentis
249 2363 326 2437 uim
346 2364 620 2464 ¹consiliumque
655 2378 861 2438 revocatur.
913 2365 970 2470 Ita
997 2362 1096 2435 inter
1133 2409 1137 2418 ·

90 2493 156 2567 fati
195 2491 238 2565 'et
277 2488 423 2569 divinae
475 2493 745 2569 moderationis
797 2491 971 2567 notiones
1025 2486 1099 2564 hoo

91 2621 316 2696 discriminis
352 2609 426 2713 est,
474 2619 578 2720 quod
628 2619 742 2698 altera
789 2620 995 2722 simplicior
1033 2633 1099 2712 est,

4 2737 5 2742 ἵ
94 2748 207 2822 altera
234 2744 343 2820 latius
364 2761 486 2848 patet,
511 2749 652 2852 quippe
678 2776 774 2852 quae
798 2764 944 2850 praeter
972 2747 1106 2825 rerum

90 2877 343 2952 necessitatem
389 2877 542 2950 rationis
600 2878 786 2951 contineat
829 2890 979 2968 notam,
1024 2903 1135 2979 quas

90 3031 151 3078 res
175 3001 402 3102 procedant,
426 3002 591 3078 numinis
624 3005 661 3080 vi
693 2989 921 3082 constitutae.
984 3007 1104 3082 Notio

90 3159 182 3212 vero
237 3131 409 3204 fortunae
464 3117 536 3204 eo*
556 3146 702 3240 tantum
749 3129 797 3206 ab
854 3130 913 3210 his
966 3131 1108 3217 differta

94 3262 198 3364 quod
262 3260 387 3333 minus
440 3259 592 3336 definita
645 3279 721 3357 est,
767 3289 861 3364 vaga
905 3263 1024 3360 magis
1066 3278 1137 3339 et·

95 3387 497 3474 obscur‘a„Pri1na1·ia
530 3389 570 3466 vi
604 3369 802 3492 primoque
833 3390 936 3464 fonte
973 3407 1102 3466 omnes

95 3519 332 3611 conveniunt.
384 3517 439 3590 Ita
464 3512 518 3607 fit,
538 3531 581 3589 nt
596 3519 641 3591 in·
658 3519 867 3610 Herodoto,
890 3541 969 3592 non
995 3491 1101 3592 se'cus

92 3650 210 3746 acin
249 3647 330 3720 aiiis
365 3643 606 3719 historiarum
641 3647 903 3748 scriptoribus,
938 3643 1101 3730 diversas
1134 3679 1138 3688 ·
1218 3665 1222 3672 ’

4 3825 8 3840 ‹
91 3777 204 3852 hasce
227 3773 399 3851 notiones
423 3770 593 3874 pluribus
618 3765 710 3850 locis
736 3791 772 3850 et
801 3783 1043 3853 commutatas
1067 3785 1104 3847 et

806 3903 879 3978 C2
