2948 4896
474 305 703 425 5⁴21-

81 471 189 558 mum
215 507 437 584 qtracunque
462 482 548 557 data
581 481 777 558 occasione
810 509 1086 560 commemora-

78 624 159 684 tam
190 609 405 705 videamus,
434 625 475 684 ut
505 610 580 709 jam
604 609 694 686 hinc
727 607 933 707 conjectare
955 610 1086 706 diceet,

80 767 188 834 eum,
213 755 356 814 mature
380 739 506 850 relicta
530 740 669 840 patria,
695 733 831 812 abhihc
856 721 1086 818 domicilium

79 895 191 942 suum
213 871 314 946 Sami
339 867 533 963 hahuisse,
558 883 600 942 ut
624 894 767 969 neque,
807 869 985 944 consectis
1018 870 1087 945 iti-
1216 896 1220 908 ’

77 995 251 1104 neribus,
275 998 592 1090 Halicarnassum,
624 997 690 1070 sed
725 999 880 1070 Samum
911 1023 950 1071 se
979 1014 1086 1078 retu-

9 1203 11 1210 s
77 1123 172 1208 lecit.
223 1124 669 1230 Occupabaturhicsipe
695 1121 813 1201 dubio
838 1125 902 1220 iis,
928 1129 1085 1226 quaein
1127 1150 1130 1161 “
1199 1157 1203 1170 ·

76 1251 273 1330 itineribus
312 1248 526 1348 collegerat,
559 1250 769 1350 diligentius
802 1265 837 1324 et
872 1251 1085 1354 dispositius
1194 1261 1201 1286 ¹

76 1382 363 1482 consignandis,
384 1379 554 1482 inprimis
577 1377 690 1453 rebus
716 1380 887 1482 Aegypti,
914 1378 979 1454 ubi
1004 1407 1083 1455 non

75 1505 189 1608 longe
214 1487 298 1584 ante
317 1521 569 1584 commoratus
581 1506 695 1581 fuisse
714 1507 869 1583 videtur.
920 1509 1095 1598 Eatenus

74 1663 205 1732 verum
239 1653 304 1732 est,
330 1637 434 1740 quod
456 1636 590 1711 Suidas
614 1635 746 1728 tradit,
780 1631 1015 1756 Herodotum
1041 1638 1094 1712 in·
1125 1703 1127 1710 .

77 1768 193 1840 Samo
217 1763 340 1840 insula
362 1763 556 1839 historiam
588 1789 694 1837 suam
728 1764 940 1864 scripsisse,
977 1763 1082 1863 quod
1120 1825 1126 1848 ,
1228 1817 1234 1825 .

76 1918 157 1968 non
180 1881 253 1966 nisi
276 1892 326 1966 ad
349 1889 503 1964 alteram
534 1885 613 1985 ejus
636 1890 676 1963 in
707 1887 778 1963 hac
811 1889 932 1967 insula
970 1917 1082 1966 com-
1164 1899 1167 1906 ’

73 2022 323 2096 morationem
344 2020 476 2113 reterri
498 2046 628 2120 posse,
653 2047 784 2122 perse
812 2029 922 2119 patet.

150 2279 332 2352 Termini·
356 2275 468 2374 hujus
499 2276 595 2353 vitae
627 2260 811 2351 Herodoti
843 2278 960 2378 partis
985 2278 1081 2352 satis
1180 2279 1184 2290 '
1312 2284 1316 2293 '

75 2404 443 2502 accurateconstitui
464 2418 641 2503 possunt,
656 2383 663 2401 ’
676 2403 853 2478 adhibitis
884 2405 932 2480 ab
967 2406 1081 2480 altera

74 2550 181 2638 parte
203 2535 267 2627 iis,
290 2559 385 2633 quac
399 2529 668 2606 'Dahlmannus
694 2530 740 2603 de
776 2545 965 2648 tempore,
1001 2561 1077 2652 qno
1191 2601 1195 2608 ,

71 2664 114 2738 in
138 2663 312 2765 Aegypto
332 2673 584 2735 commoratus
609 2661 738 2754 fuerit,
764 2661 883 2758 evicit,
906 2662 1082 2740 abaltera

34 2805 36 2810 '
72 2785 324 2866 secunda'illa
348 2785 632 2888 Atheniensium
657 2803 788 2898 contra
801 2791 956 2872 Samum
971 2767 1083 2900 insu*
1185 2859 1186 2866 ,

8 2991 9 2994 ,
73 2919 148 3008 lam
174 2917 426 3018 expeditione,
446 2919 540 2992 duce
565 2913 724 3010 Pericle,
750 2923 836 2990 cum
860 2919 1079 3028 vSophocles

72 3075 171 3122 unus
198 3060 291 3148 essct
316 3045 444 3121 decem
469 3057 695 3146 praetorum.
742 3045 922 3124 Ponimns
939 3047 1079 3126 hancce

44 3171 46 3178 ⁴
74 3173 272 3277 Sophoclis
290 3165 516 3281 ‘praeturam
558 3203 642 3251 cnm
681 3174 871 3252 Boeclrhio
910 3181 950 3254 in
979 3167 1085 3262 atino,
1120 3269 1122 3274 Ι
1231 3231 1232 3234 =

75 3301 306 3403 Olympiadis
343 3299 401 3378 vel
430 3304 633 3380 LXXXIV.
659 3299 804 3406 quarto'
824 3305 881 3380 vel
906 3309 1081 3382 LXXXV

72 3431 208 3532 primo.
260 3431 346 3506 Vid.
371 3429 599 3506 Boeclthius:
635 3430 761 3504 Ueber
800 3432 860 3508 die
892 3436 1079 3535 Antigone

72 3559 139 3634 des
175 3557 405 3658 Sophocles,
440 3573 536 3634 erste
572 3558 673 3665 Ahh.
703 3560 1079 3660 Berl.1824,cum:

70 3671 355 3785 Nachtr'a'gliche
377 3684 661 3787 Bemerlrungen
682 3717 729 3788 zu
746 3689 812 3772 der
825 3693 1081 3794 Abhandlung
1207 3749 1212 3754 ,
1235 3696 1238 3702 ’

72 3829 160 3910 ete,
187 3826 317 3888 contra
343 3810 549 3888 Seidlerum
575 3813 633 3889 in:
666 3820 885 3897 Dissertatio
911 3821 957 3895 de
982 3834 1081 3896 tem-
