2948 4896
804 463 1025 566 ...43-

317 779 319 786 ¹
350 721 352 733 v
412 682 499 753 time
525 675 613 750 huic
637 677 764 750 aetatis
786 675 991 750 definitioni
1029 672 1295 776 respondeant,
1328 699 1413 746 ma·-

398 801 488 908 ‘gno
527 818 623 880 certe
662 799 854 879 intervallo
890 830 912 875 a
945 799 1034 878 vero
1068 802 1238 877 aberrare
1277 806 1413 905 nequit.

412 933 529 1030 *Quod
558 932 817 1034 gravissimum
844 945 898 1038 est
923 931 963 1004 in
988 929 1058 1004 hac
1082 957 1122 1004 re
1145 946 1182 1004 et
1202 929 1296 1017 loci,
1332 959 1413 1032 quo

394 1059 628 1134 *Herodotus
655 1046 856 1132 collocatus
882 1059 936 1130 est
972 1059 1011 1132 in
1037 1059 1129 1132 serie
1155 1057 1415 1158 historicorum

417 1189 659 1279 Graecorum,
685 1201 853 1288 respectu
880 1185 1008 1260 habito
1035 1186 1202 1286 inprimis
1219 1183 1415 1278 attenden-
1472 1203 1473 1232 ³

416 1315 520 1406 dum,
545 1307 734 1388 iuratione
755 1315 932 1407 consistit,
947 1341 1022 1415 qua
1038 1291 1211 1418 cohaeret
1225 1341 1310 1386 cum
1329 1309 1416 1385 hetli

207 1465 209 1470 ·
253 1471 260 1478 ·
309 1471 311 1476 ·
416 1444 554 1516 Persici
567 1433 744 1542 tempore
771 1440 867 1515 lllud
881 1443 979 1515 enim
999 1439 1315 1542 aetatisHerodoti
1327 1467 1417 1538 spa-

215 1665 218 1673 Ι
312 1656 318 1670 ¹
415 1572 538 1662 tium,
554 1597 631 1668 quo
668 1568 827 1640 maxime
867 1563 1032 1664 ¹juvenile
1078 1568 1265 1668 ingenium
1306 1568 1417 1643 rebus

418 1697 575 1770 externis
594 1695 736 1769 moveri
761 1710 796 1770 et
810 1678 1133 1798 adpmeditandurir
1155 1698 1298 1772 incitari
1321 1698 1419 1770 inci-

415 1830 489 1927 pit,
513 1829 551 1899 in
577 1853 643 1921 eos
674 1825 803 1899 incidit
836 1846 977 1920 annos,
1018 1826 1154 1927 quibus
1186 1826 1322 1900 recenti
1347 1825 1418 1898 ad·
1468 1819 1472 1849 ³

417 1953 491 2028 huc
533 1953 713 2028 memoria
744 1950 933 2064 ferebatur
963 1953 1157 2028 hominum
1197 1982 1261 2028 ore
1292 1951 1418 2052 magni

418 2095 579 2157 eventus·
595 2084 703 2155 sama.
756 2080 865 2156 Tales
902 2111 1028 2158 rerum
1054 2086 1313 2159 conversiones
1338 2107 1419 2154 non
1468 2117 1472 2126 ¹

417 2211 540 2286 solum
575 2226 765 2284 externum
801 2229 947 2288 mutant
978 2241 1101 2288 rerum
1131 2209 1321 2304 ordinem,
1353 2207 1419 2292 sed
1466 2252 1473 2313 Ι

277 2405 281 2412 .
417 2366 485 2440 per
511 2365 641 2412 omnes
662 2339 755 2415 vitae
781 2336 965 2414 humanae
996 2369 1160 2418 recessus
1198 2352 1422 2444 permanant
1465 2334 1473 2414 ἶ,

417 2481 528 2568 atque
554 2482 754 2568 penetrant.
809 2470 1134 2546 Commonefactus
1165 2467 1420 2572 magnitudine

377 2596 471 2682 ·=rei
494 2596 638 2668 animus
664 2593 756 2686 alio,
781 2622 826 2668 ac
848 2595 974 2690 antea,
1002 2577 1118 2676 modo
1149 2589 1208 2675 res
1235 2598 1421 2705 humanas

418 2745 619 2822 earumque
644 2722 912 2800 vicissitudines
938 2730 1166 2823 considerat,
1191 2757 1290 2806 nova
1310 2754 1422 2822 accc·
1463 2782 1468 2801 .

403 2831 472 2922 'dit
489 2847 662 2924 historiae
687 2850 767 2946 lux,
790 2881 931 2930 novum
952 2875 1193 2935 momentum.
1244 2863 1328 2932 Hoc
1342 2858 1422 2930 do-
1463 2888 1470 2974 ι

417 2977 501 3051 cent
525 2981 652 3054 omnia
675 2997 864 3086 tempora,
891 2987 999 3063 docet
1021 2993 1267 3066 recentissima
1292 3017 1420 3064 rerum
1463 2982 1470 3042 'v

418 3109 622 3182 conversio.
686 3111 746 3185 Ad
781 3113 892 3189 talem
935 3147 1024 3196 vero
1060 3122 1106 3194 de
1146 3147 1271 3195 rerum
1307 3147 1422 3224 cursu
1463 3086 1468 3173 Ῑ

418 3235 691 3334 cogitationem,
708 3266 820 3340 quam
835 3237 1251 3330 historiaeHerodoteae
1267 3248 1421 3324 subesse
1459 3186 1469 3334 i

418 3361 605 3456 videmus,
639 3367 870 3446 excitandam
895 3371 1005 3460 nulla
1035 3404 1093 3452 res
1123 3380 1241 3479 magis
1280 3363 1423 3456 idonea

417 3512 495 3562 esse
517 3492 658 3590 potuit,
679 3523 792 3606 quam
817 3498 908 3578 haec
934 3506 1014 3608 ipsa
1039 3505 1135 3582 bella
1159 3510 1315 3588 Persica.
1354 3581 1356 3588 .

489 3718 622 3813 Qualia
658 3727 781 3804 studia
811 3729 967 3808 aluerint
1001 3750 1037 3810 et
1072 3740 1238 3813 auxerint
1272 3737 1424 3836 juvenis

408 3845 623 3947 ingenium,
658 3854 778 3954 qualis
815 3877 1031 3962 praeceptor
1064 3868 1273 3942 educaverit
1304 3881 1424 3968 atque

412 3974 623 4074 erudiverit,
649 3983 785 4059 trustra
810 3989 1031 4088 quaerimus.
1093 3995 1206 4088 Quod
1230 3994 1417 4095 gravissi-
