2948 4896
807 191 1032 266 *6*-

935 251 939 265 l

384 357 547 472 ³magna
572 369 770 447 acerbitate
811 355 959 465 refellit,
991 374 1043 448 ita
1079 375 1244 453 orditur:
1274 375 1424 466 Ἀλλά

410 499 618 602 Ἑλλήνων
653 503 723 605 μέν
760 531 858 586 τινες
892 503 1062 606 ἐπίσημοι
1097 505 1319 617 βουλόμενος
1351 547 1427 613 γε.

225 693 231 704 .
294 644 328 716 s
412 636 552 720 θέσθαι
574 634 707 739 ’σοφίην
728 631 873 736 ἔλεξαν
895 633 983 742 περὶ
1017 643 1084 721 τοῦ
1111 631 1247 724 ὕδατος
1278 640 1424 730 ‘radron

413 765 617 872 τριφασίας
646 755 754 848 ilaus.
813 767 915 841 Haec
949 765 1030 866 ipsa
1065 766 1281 845 eruditionis
1315 773 1424 850 fama

412 895 453 971 in
499 893 613 972 rebus
654 895 766 968 etiam
793 890 1004 1016 puhlicis
991 897 1246 970 auctoritatem
1281 900 1314 977 ei
1344 903 1425 976 tri-

402 1018 852 1140 „buer1t*)necesseest.
904 1027 1112 1120 Eratione',
1138 1054 1213 1128 qua
1235 1031 1425 1106 Herodo-

364 1181 366 1186 ·
389 1166 392 1170 ’
412 1162 472 1222 tus
495 1175 770 1264 nonnunquam
796 1151 866 1226 sub
892 1153 1088 1228 communi
1107 1157 1260 1232 Ionum
1258 1162 1423 1238 nomine

413 1289 505 1350 tecte
530 1275 754 1386 Hecataeum
781 1283 919 1382 carpit,
945 1279 1147 1396 colligitur,
1178 1307 1420 1391 pervagatam

412 1404 528 1480 fuisse
551 1435 619 1511 per
654 1410 817 1486 Ioniam
828 1410 1054 1510 scriptorum
1082 1411 1196 1512 hujus
1229 1419 1317 1512 viri,
1347 1448 1422 1496 eo-

411 1561 589 1638 rumque,
615 1565 710 1638 quae
738 1538 938 1634 docuerat,
973 1527 1144 1617 notitiam
1178 1559 1213 1620 et
1234 1525 1422 1624 ‘auctori-

316 1668 318 1683 '
410 1675 534 1738 tatem.
586 1665 706 1764 Hujus
732 1667 801 1744 viri
827 1668 971 1768 scriptis
996 1684 1167 1747 nostrum
1192 1675 1301 1768 etiam
1331 1705 1420 1756 ma·-

412 1798 494 1864 ture
520 1771 752 1887 incubuisse,
790 1794 921 1884 alacris
953 1796 1091 1896 ingenii
1124 1797 1316 1900 juvenem,
1355 1806 1418 1886 his

398 1919 646 2016 'potissimum
671 1921 864 1997 incitatum
888 1921 937 2002 ad
963 1927 1179 2004 eruditionis
1204 1931 1421 2040 gloriaeque

410 2043 714 2144 aemulationem,
732 2121 737 2131 ,
754 2064 908 2124 naturae
944 2053 998 2128 rei
1043 2057 1213 2156 inprimis
1254 2092 1419 2144 consen·-

406 2187 568 2270 taneum.
630 2177 889 2255 Admiratione
934 2185 1092 2262 forsitan
1125 2183 1420 2296 persequebatur

411 2314 448 2374 ct
469 2329 594 2379 secum
619 2304 794 2407 portabat
815 2310 982 2414 eundem
998 2317 1231 2418 scriptorem,
1248 2323 1287 2398 in
1302 2352 1418 2428 quem

408 2447 558 2536 postea,
598 2438 752 2538 propria
786 2439 988 2516 instructus
1025 2469 1154 2521 rerum
1188 2455 1414 2554 cognitione,

410 2589 633 2663 quacunque
670 2563 757 2636 data
792 2568 988 2644 occasione
1019 2572 1060 2648 in
1094 2573 1201 2655 libris
1234 2582 1311 2658 suis
1349 2585 1415 2660 in-

346 2669 348 2672 ·
409 2701 535 2766 vectus
561 2701 624 2765 est.

455 2969 688 3050 ‘Dicendum
709 2967 771 3044 hie
807 2971 916 3048 etiam
934 2974 991 3048 wde
1025 2995 1185 3079 cognato
1218 2985 1414 3088 Herodoti,

405 3097 576 3201 Panyasi.
626 3098 718 3172 Erat
739 3098 799 3171 ille
827 3099 1032 3178 celebratus
1050 3106 1097 3180 ab
1114 3112 1274 3212 antiquis
1291 3125 1414 3215 po'c‘ta,

400 3241 607 3329 nostroque
624 3241 740 3304 aetate
754 3232 985 3343 provectior,
1005 3225 1163 3337 utraque
1178 3265 1219 3312 re
1244 3241 1414 3346 idoneus,

403 3356 477 3466 qui
495 3355 638 3453 juvenis
668 3357 844 3467 patruelis
869 3360 1059 3462 ingenium
1083 3363 1195 3442 aleret
1226 3369 1415 3479 literisque

406 3575 844 3597 m.

443 3659 619 3792 *t‘Herod
640 3710 691 3791 V,
710 3720 762 3786 36.
786 3720 857 3786 125·
890 3704 893 3709 ’
