2948 4896
754 365 982 441 ...36-

369 546 586 646 eonjnnctas
610 545 812 622 videamus.
836 546 966 620 Nihilo
992 545 1138 635 minus,
1164 569 1278 644 quam
1314 571 1389 618 ca-

356 657 454 750 ¹rum
490 675 683 776 propriam
725 677 885 750 diximus
924 675 1107 750 Herodoti
1147 672 1285 766 menti,
1330 674 1390 748 ita

368 804 510 904 ubique
541 801 659 875 elucet
699 817 810 904 atque
842 803 1053 904 praevalet,
1084 815 1129 874 ut
1149 799 1275 881 datore
1308 829 1388 876 ne-

369 951 492 1038 queat
543 937 607 1026 Ita„
635 934 688 1004 IV
698 989 709 1026 ‚
746 949 782 1018 8.
823 933 988 1006 occurrit
1019 933 1110 1034 θείῃ
1148 929 1274 1033 τύχῃ,
1304 957 1385 1031 quo

369 1063 485 1151 ,θεός
516 1076 553 1136 et
582 1057 708 1158 τύχη
749 1059 1038 1160 conjunguntur.
1094 1062 1202 1158 Jdem
1239 1064 1294 1153 V,
1330 1079 1383 1156 92

335 1278 336 1281 ,
369 1197 434 1298 (3).
462 1198 528 1287 IX,
553 1213 613 1290 91·
636 1191 714 1274 εἴτε
737 1182 913 1291 κλῃδόνος
937 1186 1075 1272 εἵνεκεν
1098 1189 1386 1274 deaurante-

368 1328 480 1416 σθαι,
508 1326 587 1407 εἴτε
610 1317 678 1404 καὶ
699 1320 807 1402 κοντοὶ
832 1321 1115 1420 συντυχίην,
1140 1315 1264 1404 θεοῦ
1297 1349 1384 1400 ποι-

369 1463 506 1540 εῦντος,
555 1457 613 1541 Ita
643 1449 758 1526 etiam'
780 1452 958 1552 conjungi
983 1464 1141 1552 possunt
1164 1448 1232 1522 sati
1261 1463 1296 1522 et
1317 1447 1382 1520 dci

370 1595 564 1686 (tanquam
594 1607 719 1654 rerum
758 1580 1021 1680 moderatoris)
1062 1579 1257 1670 notiones,
1289 1605 1380 1651 cum

369 1715 433 1787 illa
464 1711 536 1788 hac
569 1706 792 1786 involvatur.
851 1711 909 1782 lta
941 1713 1012 1804 IX,
1047 1715 1108 1792 16.·
1141 1703 1199 1790 ὅτι
1219 1699 1378 1808 deiide

368 1868 446 1941 quo
477 1841 590 1940 infra)
623 1837 812 1939 γενέσθαι
837 1844 882 1919 ἐκ
907 1845 976 1922 τοῦ
1001 1838 1130 1924 θεοῦ.

440 2095 712 2170 Moderationis
758 2094 905 2170 divinae
940 2093 1071 2170 habito
1115 2109 1286 2195 respectu
1320 2093 1381 2168 vis

369 2223 495 2300 divina
521 2221 569 2298 ab
592 2215 789 2297 Herodoto
815 2221 971 2298 vocibus
992 2223 1104 2311 θεός,
1128 2225 1258 2314 θεῖον,
1298 2215 1382 2304 daz.

337 2403 342 2412 ·
368 2349 487 2453 μόνων
507 2379 583 2425 una
615 2352 780 2428 notione·
794 2351 1132 2452 comprehenditur.
1187 2353 1381 2452 Agnosci-

367 2495 429 2554 tur
451 2479 513 2555 hic
537 2507 667 2556 sensus
686 2481 837 2580 quidam
859 2481 1023 2575 unitatis,
1048 2509 1163 2554 unam
1189 2483 1231 2554 in
1248 2509 1378 2555 rerum

368 2608 689 2680 administratione
720 2607 824 2698 νίκη,-
853 2635 970 2680 unum
1002 2609 1199 2683 consilium
1236 2623 1377 2710 postu-

367 2735 467 2829 lans‚
485 2795 489 2804 ,
504 2735 621 2810 latens
655 2733 717 2811 ille
747 2761 836 2810 vero
871 2747 906 2806 et
939 2734 1058 2809 clarae
1087 2738 1251 2812 notionis
1291 2738 1375 2812 luce

367 2893 507 2940 carens.
535 2863 650 2938 ·Inde
675 2863 858 2936 fluctuans
883 2859 948 2934 illa
969 2861 1116 2936 dicendi
1144 2867 1260 2958 ratio,
1298 2893 1375 2966 qua

365 2993 482 3066 modo
508 2993 554 3065 de
580 2993 650 3064 diis
673 2991 858 3090 loquitur,
880 2991 1159 3064 accommodate
1184 2992 1233 3066 ad
1247 2995 1374 3066 Grae-

366 3145 498 3194 corum
522 3117 834 3220 polytheismum,
863 3117 980 3190 modo
1005 3119 1183 3218 singulari
1213 3146 1372 3194 numero

364 3243 456 3330 θεός
480 3246 607 3344 utitur.
656 3247 760 3348 ,Haec
785 3257 841 3317 cst
871 3247 1119 3320 inconstantia
1154 3247 1237 3341 illa,
1258 3269 1372 3350 ‘quae

365 3386 447 3448 orta
472 3374 648 3446 conflictu
672 3372 897 3446 extrinsecus
934 3387 1104 3472 acceptae
1129 3376 1371 3454 institutionis

360 3500 579 3603 propriique
615 3505 747 3578 sensus,
769 3501 914 3574 animos
939 3515 1090 3596 nostros
1121 3503 1215 3578 solet
1251 3535 1370 3582 occu-

359 3655 448 3728 pare
456 3684 468 3722 ‚
494 3628 616 3700 donec
641 3643 704 3698 aut
723 3629 941 3703 alterutrum
965 3655 1097 3702 eorum
1118 3635 1370 3732 repudiatum,

338 3770 423 3862 ⁸aut
455 3770 654 3855 utrumque
689 3755 927 3851 conjunctum
967 3772 1003 3830 et
1036 3759 1271 3836 conciliatum
1309 3766 1369 3842 sit.

357 3883 511 3960 Minime
536 3911 625 3970 vero
649 3857 804 3982 probari
827 3897 968 3982 potest,
994 3883 1202 3960 discerncre
1236 3891 1367 3963 Hero-
