2948 4896
796 337 1024 412 ...18-

416 521 629 614 rideamus,
652 517 846 620 quomodo
870 516 1032 614 Heysius
1061 508 1202 588 hancce
1240 539 1322 587 rem
1359 541 1441 589 ex-

415 652 553 752 pediat,
618 651 656 723 Is
691 672 782 723 reru
810 643 909 730 sacili
943 643 1094 743 negotio
1126 643 1180 715 rei
1215 641 1437 721 difficultati

417 781 469 854 ita
490 761 672 868 ocdurrit,
697 788 740 860 ut
762 787 917 868 statuat,
943 799 1039 874 quae
1056 771 1199 868 juvenis
1222 771 1437 880 scripserit,

420 933 484 1000 ea,
524 901 701 980 adhibitis
740 916 870 1001 postca
916 895 1240 999 castigationibus,
1283 914 1437 973 mutata

366 1027 373 1036 ¹
417 1032 559 1110 hancce
575 1033 738 1105 sormam
753 1031 935 1130 accepisse
948 1030 996 1128 *).
1030 1025 1177 1120 Quibus
1190 1029 1318 1102 omnia
1338 1057 1436 1104 mu-

420 1163 492 1238 tari
518 1161 727 1260 corrigique
749 1184 860 1259 posse
885 1158 1072 1252 concedo,
1102 1159 1284 1250 sunnam,
1315 1157 1436 1232 colo-

422 1315 524 1384 rem,
561 1286 728 1364 indolem
762 1285 849 1362 libri
886 1313 985 1380 non,
1027 1285 1101 1360 nisi
1140 1311 1296 1386 prorsus
1335 1285 1435 1362 alius

424 1416 567 1496 eradat
720 1453 729 1458 ·
1230 1425 1234 1432 ’
1458 1423 1459 1502 t

505 1683 582 1758 Sed
617 1681 902 1786 progrediamur
926 1681 1063 1759 abhinc
1087 1682 1204 1778 adea,
1229 1710 1325 1785 quac
1339 1685 1436 1763 reli-

409 1789 506 1913 'qua
536 1829 643 1908 sunt,
683 1813 811 1891 relicta
850 1812 1020 1911 longiore
1054 1810 1167 1884 hacce
1202 1815 1434 1911 quaestione,

429 1967 505 2039 qua
523 1927 727 2017 ostendisse
750 1943 862 2018 nobis
885 1945 1074 2035 videmur,
1097 1942 1208 2012 inane
1233 1969 1312 2016 esse
1335 1972 1435 2018 con-

429 2067 574 2162 silium,
594 2071 818 2168 argumentis
843 2071 1062 2144 confirmare
1094 2068 1208 2162 velle,
1232 2073 1338 2172 quod
1363 2101 1436 2148 na-

428 2207 513 2268 tura
529 2221 596 2270 sua
617 2195 865 2296 improbabile
886 2213 948 2272 est

508 2450 775 2528 Gravissimum
813 2454 914 2530 vitae
946 2454 1129 2530 Herodoti
1164 2469 1307 2556 partem
1333 2458 1435 2564 effi·-

432 2579 536 2652 ciunt
557 2580 701 2652 itinera.
734 2582 795 2649 ‚ln
818 2606 912 2678 quae
937 2583 1070 2660 uellem
1100 2586 1261 2688 penitius
1297 2586 1434 2661 intueri

431 2704 573 2798 liceret,
603 2733 717 2807 quarn
751 2713 822 2784 lert
854 2713 1091 2812 vestigiorum
1122 2716 1299 2816 paucitas.
1348 2718 1436 2816 Ipse

430 2859 623 2935 nunquam
645 2835 817 2911 itinerum
840 2866 995 2914 suorum
1027 2845 1293 2918 accuratiorem
1321 2873 1438 2922 men-

364 2959 368 2966 ’
430 2960 563 3036 tiorum
587 2959 722 3059 injicit,
747 2963 886 3040 insola
909 2984 1111 3070 occupatus
1134 2997 1259 3047 rerum
1279 2975 1436 3074 exposi-

431 3088 543 3162 tione.
593 3091 703 3162 Unus
726 3103 869 3166 tuntum
895 3097 1160 3194 exstatlocus,
1185 3103 1325 3196 11‚44,
1349 3129 1431 3202 quo
1460 3187 1461 3196 ἵ

430 3229 575 3314 partem
608 3215 782 3290 itinerum
813 3216 1042 3319 designatum
1073 3229 1252 3306 videmus.
1300 3211 1461 3324 Quae-¹

326 3429 330 3441 ι
431 3343 603 3440 ationem,
616 3371 713 3448 quae
728 3345 762 3418 ei
776 3345 816 3419 in
828 3347 998 3451 Aegypto
1023 3370 1251 3450 occurrerat,
1277 3355 1429 3434 ulterius

429 3488 705 3572 persecuturus,
733 3470 822 3549 hinc
854 3478 996 3580 Tyrum
1031 3482 1166 3575 tendit,
1201 3485 1319 3580 unde,
1347 3488 1429 3562 viso

384 3606 387 3615 '
427 3595 578 3701 templo'
592 3601 759 3679 Herculis
783 3601 932 3704 Thasii,
964 3609 1084 3685 eidem
1122 3614 1328 3712 quaestioni
1363 3614 1431 3693 in·
1460 3711 1461 3714 Ἴ

463 3839 684 3940 boun,
