2948 4896
96 383 99 388 ’
136 365 237 458 tione
263 379 421 480 suscepit
448 357 706 480 patrocinium.
759 374 852 468 Qui,
882 403 975 452 cum
1015 371 1182 478 pluri-f-

135 533 198 582 ma
211 508 316 599 sint,
343 532 437 607 quae
471 505 647 578 seriorem
679 500 766 576 libri
787 515 941 578 aetatem
966 501 1139 598 clamant,

135 629 207 708 hac
227 635 374 709 ratione
395 634 440 707 iis
457 629 629 723 occurrit,
655 643 697 704 ut
712 642 849 702 statuat
858 631 1179 760 ,Herodotum

68 812 75 828 ι
135 776 329 862 peragrata
357 773 472 836 antea
514 761 628 837 samo
665 757 751 831 in‘de
784 771 847 832 aut
881 729 1179 836 Halicarnasso

136 887 245 978 Asia,
269 886 406 962 librum
431 887 617 987 primum,
638 885 819 960 Asiaticas
839 891 1002 992 maxime
1018 887 1140 966 histo-

115 991 210 1090 ‘rias
238 1014 561 1124 complectentem,
590 1015 783 1118 Olympiae
801 1019 969 1100 recitasse
984 1021 1030 1118 *).
1054 1022 1142 1112 Qua

46 1231 47 1234 Ἴ
136 1149 298 1241 ratione,
324 1162 454 1225 nostra
479 1135 631 1250 quidem
648 1131 839 1238 sententia,
861 1160 1005 1220 tantum
1024 1147 1140 1242 abest,

134 1291 177 1350 ut
209 1304 268 1352 res
302 1275 552 1376 expediatur,
569 1287 612 1346 ut
630 1372 632 1381 y
648 1270 722 1348 vel
741 1271 884 1378 majore
920 1276 1142 1376 impediatur

136 1403 360 1488 difficultate.
412 1407 596 1476 Tacemur
622 1399 668 1473 de
696 1382 912 1500 argumente
946 1401 1046 1496 libri,
1071 1431 1142 1480 ne-

138 1557 210 1630 que
240 1531 487 1632 quaerimus,
529 1555 619 1600 num
657 1527 697 1602 id
741 1529 1061 1605 accommodatum
1096 1532 1144 1604 sit

136 1657 345 1763 panegyri,
382 1656 450 1730 toti
490 1655 538 1729 ad
574 1654 770 1755 peculiaris
813 1659 931 1757 gentis
977 1639 1142 1754 indolem

139 1802 396 1898 comparatae,
421 1783 608 1884 nihilque,
644 1786 716 1859 nisi
745 1789 888 1862 Graeca
916 1789 1143 1865 *admittenti

139 1920 387 2010 Quaerimus,
411 1915 604 2016 quomodo
620 1913 836 2006 Herodotus
858 1930 1001 2018 partem
1022 1918 1145 2018 operis

101 2132 111 2146 ‚
138 2035 349 2148 praelegere
375 2047 558 2147 potuerit,
597 2073 711 2146 quae,
742 2072 969 2148 praeparans
1003 2059 1145 2122 tantum

46 2243 47 2246 ,
140 2188 175 2246 et
200 2174 442 2249 introducens
467 2175 514 2256 ad
531 2175 748 2276 primarium
768 2190 1038 2274 argumentum,
1060 2183 1155 2252 cum'

140 2314 222 2376 toto
263 2317 409 2376 tantum
448 2327 561 2402 opere
581 2301 833 2404 'considerata
873 2303 1147 2405 intelligituret

141 2431 255 2505 tinem
280 2429 415 2542 habet,
437 2457 522 2510 cum
549 2432 694 2523 omnia,
711 2431 871 2530 quaein
888 2457 930 2504 ea
948 2433 1149 2530 continen-
1249 2493 1251 2500 ,
1317 2427 1324 2440 '

141 2571 215 2651 tur,
238 2585 318 2632 non
334 2561 458 2634 minus
479 2587 521 2634 ac
518 2562 743 2663 sequentia,
763 2559 947 2660 pendeant
959 2557 1007 2634 ab
1024 2559 1160 2638 histo-¹

111 2724 124 2786 ι’
141 2684 198 2758 ria
222 2673 310 2760 belli
336 2689 495 2782 Persici,
525 2715 647 2790 eoque
684 2687 847 2762 tendant
909 2691 1012 2812 Quae
1049 2693 1179 2769 enim'

143 2814 273 2914 primis
293 2818 397 2890 XCV
411 2809 604 2918 capitibus
629 2830 866 2918 exponuntur
881 2820 1093 2928 tanquam
1082 2847 1148 2892 m

142 2941 443 3036 troducentia,
431 2971 473 3017 ιιι
509 2955 660 3044 promtu
696 2954 751 3015 est
783 2942 831 3014 ad
860 2941 938 3016 sola
981 2901 1180 3044 spectare*

143 3063 242 3140 bella
267 3069 435 3160 Persica,
456 3069 602 3168 agentia
627 3045 905 3167 accommodate
939 3069 987 3144 ad
1025 3067 1149 3148 histo-

143 3197 258 3270 ricam
284 3197 468 3301 Herodoti
492 3199 615 3296 ideam
639 3185 685 3272 de
719 3198 841 3299 prima
871 3181 1149 3274 inimicitiarum
1244 3277 1246 3280 .

144 3318 311 3428 ,Gdae‘cos
336 3325 432 3400 inter
453 3309 635 3426 Asiaeque
660 3325 821 3426 populos
845 3325 985 3424 origine
999 3349 1169 3426 ,quam
1275 3364 1280 3376 1

87 3483 101 3495 ·
147 3451 195 3524 in'
220 3453 358 3542 Croeso
391 3454 677 3558 deprehendisse
704 3454 775 3566 sihi
811 3456 984 3532 visus-
1009 3455 1076 3540 τᾶν·
1109 3446 1149 3538 δὲ

152 3631 591 3683 Ἣ..-

125 3770 130 3776 ,
183 3707 452 3836 ,”)1.1.Ρ49.,
493 3739 502 3751 -
