2948 4896
783 320 1010 399 -34-

386 533 480 591 ,sum
503 505 661 608 spectdri
681 519 839 608 possunt
863 522 997 582 natura
1011 505 1077 600 xdei
1098 520 1135 580 et
1159 484 1304 600 relatio,
1330 509 1417 610 'qua

306 665 308 670 ·
398 638 447 724 ad
476 663 535 714 res
571 636 735 737 singulas
767 637 936 737 pertinet.
997 638 1054 709 De
1085 649 1218 709 natura
1248 635 1417 726 deorum

400 769 493 870 quid
517 768 673 846 senserit
697 765 935 858 Herodotus,
959 775 995 840 et
1017 745 1199 864 quatenus
1231 761 1294 840 hio
1320 769 1417 868 opi-

365 885 367 892 ’
399 887 553 993 nione's,
605 921 700 1000 quae
739 891 911 995 publicae
954 881 1184 966 Graeeonrm
1213 891 1416 995 ·religioni

396 1017 597 1117 luberant,
634 1023 843 1124 reliquerit,
887 1022 990 1113 latet,
1035 1027 1120 1094 cuni
1158 1021 1221 1121 pia
1265 1019 1412 1124 ubique

397 1153 620 1230 verecundia
641 1153 821 1227 intactum
846 1149 948 1226 hunc
961 1149 1086 1224 locum
1110 1147 1305 1251 relinquat
1326 1153 1413 1225 Re-

396 1279 548 1366 lationis
574 1309 682 1376 vcro,
700 1273 784 1385 'qua
820 1307 961 1355 numen
995 1278 1164 1353 divinum
1200 1277 1249 1352 ad
1281 1295 1412 1352 rerum

308 1392 315 1400 ³
395 1409 673 1485 universitatem
698 1409 879 1511 pertinet,
895 1415 898 1427 '
913 1406 1175 1506 cogitationem
1211 1402 1308 1479 clare
1346 1407 1411 1496 viss

293 1623 296 1636 Ι
396 1536 528 1612 demus
554 1551 589 1610 et
626 1537 771 1639 aequali
809 1538 848 1612 in
888 1533 1068 1610 omnibus
1109 1531 1202 1616 libri
1235 1532 1409 1634 partibus

398 1663 515 1737 modo
550 1690 771 1762 expressam
837 1661 952 1762 Cujus
990 1641 1226 1762 cogitationis
1268 1687 1409 1760 magna

397 1785 453 1864 est
496 1788 537 1913 in
571 1786 827 1865 hominum
815 1789 974 1889 rngeniis
1011 1788 1224 1881 diversitas,
1266 1789 1408 1891 quippe

397 1941 492 2018 quae
506 1904 645 2016 ingenit
634 1916 832 1993 indolem
852 1917 1011 1991 maxime
1031 1919 1242 1994 constituat
1266 1921 1407 1996 Forma

398 2044 499 2144 ejus,
540 2046 581 2120 in
618 2044 815 2118 Herodoto
854 2041 1036 2138 obvia,
1024 2074 1065 2119 m
1102 2037 1315 2123 universum
1354 2063 1462 2122 est

397 2161 661 2250 moderationis
682 2168 878 2270 cogitatio,
901 2169 1005 2267 cujus
1026 2174 1233 2249 accuratior
1267 2176 1407 2250 defini-

201 2403 204 2410 ,
271 2341 286 2365 ι
397 2301 450 2374 tio
481 2299 675 2402 proposita
707 2314 762 2374 est
794 2295 988 2371 institutae
1021 2301 1238 2398 quaestioni.
1299 2307 1407 2400 Haec

397 2431 591 2532 cogitatio,
612 2454 640 2502 a
659 2453 768 2502 sensu
793 2424 967 2526 religioso
993 2427 1107 2500 animi
1123 2442 1158 2501 et
1178 2433 1404 2508 extrinsecus

395 2577 544 2661 recepta
567 2583 693 2634 rerum
719 2555 841 2653 specie
862 2553 1016 2628 diversis
1039 2553 1217 2656 tanquam
1234 2558 1403 2660 partibus

396 2688 564 2786 profecta
596 2696 632 2756 ct
657 2682 764 2781 quasi
789 2683 969 2774 conflata,
1005 2707 1152 2756 summa
1185 2693 1240 2760 est
1274 2685 1405 2787 philo÷

256 2815 258 2822 '
373 2812 551 2916 'sophiae
572 2807 819 2904 Herodoteae.
869 2810 971 2884 Haec
986 2822 1041 2882 est
1061 2812 1180 2904 notio,
1197 2808 1272 2914 q'ua
1292 2841 1405 2890 com·
1464 2819 1465 2906 ἦ

368 2951 370 2956 ’
395 2942 566 3046 plectitur
585 2965 711 3038 rerum
729 2937 1004 3012 universitatem
1021 2937 1115 3038 (sein
1129 2939 1403 3044 Weltbegrill),
1464 3003 1465 3012 ,

396 3095 491 3171 quae
518 3064 703 3169 explicata
732 3063 863 3139 efficit
877 3067 939 3162 id,
976 3067 1080 3170 quod
1122 3051 1402 3244 philosophiam

392 3191 557 3272 hominis
582 3193 751 3272 dicimus.
1108 3291 1114 3338 r

466 3449 550 3524 Jam
575 3451 616 3526 in·
639 3448 804 3526 notionis
829 3445 940 3549 hujus
962 3452 1205 3554 explicatione
1245 3455 1404 3534 ordien-

392 3569 484 3651 dum
515 3571 627 3650 nobis
660 3593 715 3652 est
739 3603 762 3652 a
786 3581 1046 3688 constituenda
1078 3581 1224 3692 ratione
1256 3607 1405 3684 cogna-

389 3713 513 3778 tarum
537 3702 756 3802 notionum,
781 3735 825 3783 ex
860 3709 993 3784 eodem
1016 3700 1131 3784 'fonte
1165 3692 1406 3811 promanan-

386 3833 491 3908 tium.
