2968 4898
657 275 665 282 ·
784 261 1054 338 asa-0

398 439 572 514 Ceterum
596 435 658 512 hic
679 439 784 514 locus
809 464 888 554 non
907 435 1038 534 magis,
1059 459 1185 534 quam,
1205 435 1271 538 qui
1287 419 1412 539 ‘prae-

270 571 280 580 '
399 567 516 660 cedit,
564 567 854 642 considerandus
895 579 949 638 est
985 579 1162 666 tanquam
1210 568 1410 668 peculiaris

289 695 293 700 ’
357 695 657 800 'philosophiae
683 695 919 770 Herodoteae
951 720 1058 795 pors5
1095 721 1218 796 neque
1253 704 1411 798 separa-

396 828 464 900 tim
491 828 550 928 agi
571 825 708 927 poterit
734 824 779 896 de
799 819 919 896 ethica
944 797 1138 923 Herodoti,
1161 850 1257 924 quae
1282 826 1437 925 potius'

396 953 484 1037 tota
502 957 711 1029 continetur
736 978 846 1024 sensu
871 948 949 1047 ejus
964 949 1149 1051 religioso.
1175 939 1300 1047 Unde,
1316 953 1409 1054 quid

395 1083 462 1176 sit,
489 1080 581 1183 quid
606 1078 738 1154 debeat
771 1105 869 1170 esse,
904 1076 1089 1152 subtiliori
1119 1075 1275 1156 demum
1306 1095 1408 1156 arte-

396 1237 469 1310 que
491 1207 665 1283 subactae
691 1207 805 1280 menti
825 1207 979 1304 discreta
997 1204 1100 1305 (phil
1116 1189 1292 1312 metaph„
1308 1235 1408 1286 con-
1482 1223 1483 1230 ’

396 1353 482 1413 cret
474 1389 519 1431 ‚
517 1339 672 1438 pract.,)
691 1361 770 1406 non
793 1331 969 1408 discernit
983 1335 1154 1434 juvenilis
1170 1364 1295 1412 rerum
1309 1365 1408 1413 con·-

343 1543 349 1556 ,
396 1457 598 1566 templatio.
660 1465 731 1539 Hic
776 1480 999 1541 evanescunt
1035 1465 1251 1542 notionum
1270 1464 1408 1539 discri—

368 1595 517 1689 Vmina,
542 1619 641 1683 uno,
676 1585 804 1666 omnia
845 1594 1079 1694 continente2
1119 1621 1239 1670 sensu.
1280 1594 1408 1690 Quod

396 1719 542 1834 bonnm
580 1732 634 1808 est
669 1732 726 1791 et
736 1719 841 1821 quod
868 1705 1129 1816 necessarium,
1156 1749 1237 1798 non
1267 1722 1407 1798 distin-

283 1929 286 1940 ,
396 1863 579 1953 guuntur3
605 1844 735 1920 eadem
755 1861 849 1940 vox,
877 1849 1017 1948 quod
1006 1878 1047 1924 m
1063 1851 1147 1926 fatis
1165 1867 1231 1948 est,
1256 1852 1406 1953 signifi-
1425 1845 1429 1856 ’

352 1978 359 2008 ’·
394 1996 474 2072 cat,
505 1977 654 2070 eadem,
681 1943 786 2076 qudd
814 1972 940 2071 decet,
966 1979 1071 2086 quod
1101 1957 1274 2060 convehit
1301 1978 1406 2087 (χρή,
1480 2047 1483 2096 1,

392 2101 514 2214 χρεών
531 2112 632 2197 ἐστι,
657 2096 738 2200 clei)

1313 2201 1317 2234 l

311 2415 313 2423 y
431 2311 518 2384 ·Et
539 2267 601 2383 hic
622 2305 774 2426 quidem
799 2305 905 2382 linis
919 2307 1170 2410 imponendus
1201 2326 1256 2388 est
1283 2339 1407 2416 quae-

349 2479 352 2484 ·
387 2417 505 2514 ‘stioni
528 2437 575 2512 de
598 2452 723 2512 mente
746 2451 782 2512 et
810 2435 1059 2540 philosophia
1087 2443 1280 2516 Herodoti
1332 2439 1406 2519 Hic

274 2668 277 2672 g
392 2583 447 2642 est
472 2561 654 2657 ambitus,
677 2596 754 2668 quo
775 2569 984 2642 extenditur
999 2569 1189 2670 scriptoris
1213 2571 1260 2644 de
1276 2597 1405 2646 rerum
1481 2649 1482 2652 ,

381 2699 526 2770 natura
547 2692 733 2792 cogitatio.
784 2695 852 2772 Vis
880 2694 1018 2804 divina,
1032 2723 1244 2802 ,rerumque
1263 2696 1404 2774 huma-
1481 2675 1482 2744 l

354 2888 359 2898 ,
391 2829 527 2934 narum
547 2823 642 2898 ratio
669 2837 779 2924 atque
812 2822 906 2897 ordo
932 2849 1106 2924 campum
1141 2826 1323 2920 efficiunt,
1361 2828 1403 2901 in

393 2983 470 3058 quo
494 2969 617 3034 mente
642 2939 939 3052 cogitationeque
962 2951 1199 3048 versabatur3
1223 2949 1293 3026 hae
1313 2945 1405 3028 simt

289 3131 296 3142 ·
339 3071 345 3089 ⁸
393 3085 587 3190 materiae,
613 3067 829 3180 dequibus
861 3075 1189 3182 philosophantem
1213 3078 1404 3182 animique

246 3295 252 3304 ,
298 3309 305 3320 ,
391 3237 498 3286 sensa
523 3208 744 3312 prodentem
776 3205 954 3283 videmus.
1006 3199 1160 3302 Plenam
1193 3236 1282 3284 vero
1309 3237 1402 3310 per-

390 3339 598 3440 fectamque
635 3334 835 3436 imaginem
871 3321 953 3434 ipsa
985 3332 1136 3408 demum
1166 3333 1253 3411 libri
1290 3335 1400 3413 lectio

242 3509 293 3552 ·,
390 3463 604 3572 praebebit,
631 3464 735 3562 cujus
760 3478 840 3539 tota
853 3465 997 3539 ratione
1018 3477 1130 3566 atque
1151 3461 1401 3567 descriptione
1478 3461 1479 3520 l

392 3594 472 3698 cam
500 3619 707 3698 expressam
744 3593 1002 3694 conspicimus.

563 3731 566 3738 ι
633 3702 635 3712 ’
675 3729 680 3738 .
793 3707 797 3734 l
824 3719 826 3726 ’
990 3731 993 3740 i
