2948 4896
411 323 420 348 ’
526 387 584 456 ··,
612 357 666 438 29
694 389 777 452 ····.

63 533 65 550 ¹
139 535 375 616 humanitatis
391 489 591 614 ,fonnam'
623 542 745 634 Quam
769 508 833 649 hic
855 540 1011 641 quisquc
1035 535 1141 618 locus

141 697 250 744 suum
275 668 407 768 habet,
434 697 509 770 quo
534 666 704 761 allectat,
745 691 820 770 quo
845 681 943 745 tenet
967 683 1141 750 conteme-

142 795 297 897 platoris
322 799 506 874 animum!
530 800 676 892 Quam,
703 823 778 898 quo
792 795 907 908 'latius
930 795 1051 872 studia
1064 823 1141 872 no-

140 939 218 998 stra
263 925 532 1019 extendimus,¹
550 925 591 998 in
622 949 730 1001 nova
752 949 897 1025 semper
930 923 1140 1020 incidimus,

139 1065 227 1126 ante
254 1065 335 1127 non
368 1055 644 1148 animadversa,
684 1053 918 1128 ornamenta!

217 1311 262 1385 ln
293 1310 399 1404 viris,
414 1306 486 1383 hac
511 1301 626 1384 aetate
660 1307 867 1409 insignibus
896 1335 975 1384 non
1009 1308 1141 1388 ultimo

138 1435 226 1511 loco
262 1439 424 1528 occurrit
459 1436 573 1512 ‘nobis
615 1436 848 1530 Herodotus,
891 1435 996 1536 cujus
1036 1466 1142 1515 mens
1239 1433 1242 1444 ’

141 1565 398 1672 dignissimum
410 1565 561 1666 praebet
573 1566 851 1666 investigatione
870 1579 1142 1668 argumentum,

143 1721 189 1767 co
212 1696 359 1794 gravius
382 1694 431 1767 ad
453 1703 571 1768 totam
593 1697 758 1768 Graecae
791 1697 909 1795 gentis
934 1694 1142 1794 historiam,

143 1848 219 1922 quo
245 1814 426 1896 sentiendi
464 1821 526 1896 ille
552 1823 711 1918 modus,
744 1826 784 1899 in
818 1824 1001 1898 Herodoti
1036 1823 1143 1902 libris

143 1947 357 2051 cipressus,
392 1979 567 2055 magnam
593 1967 738 2057 partem
772 1952 855 2028 talis
871 1933 960 2046 ἐεῐ,
995 1952 1142 2055 qualem

143 2083 276 2183 cuique
300 2084 478 2185 temporis
508 2083 606 2158 illius
641 2080 787 2158 cultiori
798 2079 806 2180 ’ἱ
822 2079 966 2156 homini
996 2085 1171 2158 Graeco.

141 2207 390 2285 tribuerimus
442 2213 498 2286 Ita
522 2213 621 2287 enim
641 2215 712 2286 sert
731 2211 827 2285 vitae
839 2209 1020 2284 Herodoti
1033 2211 1142 2306 ratio,

144 2363 219 2434 qua
233 2351 317 2438 'non
342 2337 514 2416 solitariis
535 2337 848 2430 meditationibus,
870 2337 936 2411 sed
956 2352 1143 2414 conventu

142 2461 413 2566 colloquiisque
437 2463 634 2540 hominum
660 2461 817 2539 excoluit
841 2464 1008 2542 animum
1030 2477 1142 2566 atque

143 2591 313 2666 erudivit.

217 2805 383 2924 Mentem
407 2877 521 2953 quam
553 2847 615 2924 hic
639 2840 795 2954 dicimus
831 2847 1013 2922 Herodoti
1049 2847 1141 2950 (quo

141 3003 270 3072 sensu,
296 2955 538 3078 explicatione
562 2976 623 3053 vix
653 2976 817 3075 indigere
852 2959 1024 3075 uidetur),
1049 3001 1142 3048 ean-
1235 3047 1240 3067 ,

141 3107 235 3202 dem·
262 3101 521 3207 philosophiae
558 3105 712 3180 nomine
752 3103 896 3206 saepius
921 3101 1143 3206 appellatam

141 3231 305 3334 videbis,
321 3233 435 3334 ¹quod
460 3261 545 3314 eum
563 3251 648 3309 non
673 3231 854 3328 offendet,
880 3234 945 3335 qui
968 3244 1142 3306 nontam

143 3353 289 3460 linguae
315 3359 528 3456 arbitrium,
558 3389 669 3462 quam
707 3363 761 3436 rei
790 3364 869 3440 uim
901 3373 937 3436 et
970 3373 1142 3434 naturam
1213 3411 1217 3423 ι

144 3503 309 3590 spectare
330 3487 400 3562 sibi
424 3491 631 3590 proposuit.
683 3491 795 3586 Quod
817 3491 848 3564 si
874 3483 970 3564 enim
992 3515 1034 3562 ea
1055 3499 1142 3558 tan-

141 3629 223 3689 tum
268 3599 400 3692 mentis
440 3619 590 3719 agitatio
626 3618 673 3693 ad
710 3646 834 3694 rerum
868 3616 1152 3716 universitatem

90 3749 93 3761 '
142 3741 530 3843 comprehendendam
553 3747 810 3850 philosophiae
838 3747 990 3823 nomine
1022 3745 1143 3843 insig-

142 3873 215 3946 niri
236 3872 350 3971 solet,
375 3901 469 3980 quae
500 3876 656 3952 definitis
672 3874 903 3952 notionibus
931 3887 967 3947 et
991 3886 1141 3948 strenuo
