2948 4896
420 259 686 340 2-51-

53 439 138 514 tati.
155 436 346 534 adhibita,
372 453 426 514 est
458 441 624 550 ἰσηγορία
654 459 683 520 εἰ
707 443 891 548 ἰσονομίας
923 464 1078 534 contra-

51 569 115 642 ria
144 567 184 642 ei
204 567 391 669 tyrannis,
416 571 479 644 cui
502 565 611 678 ὕβρις
635 577 799 676 propria.
850 578 900 650 Et
932 577 972 652 in
1002 580 1078 656 vita

53 712 92 772 et
119 697 170 772 in
195 696 343 797 scriptis
368 701 553 776 Herodoti
579 727 686 776 amor
720 701 857 778 liberae
889 705 1075 808 reipubli-

47 851 121 900 cae
186 823 395 930 odiumque·
453 829 661 932 tyrannidis
715 833 917 934 conspicua
974 851 1072 914 sunt.

49 960 113 1051 V,
144 971 209 1046 78.
235 954 363 1034 laudat
393 957 486 1058 juris
511 960 791 1063 aequalitatem,
818 989 932 1064 quae,
960 993 1075 1067 quam

51 1085 256 1188 praeclara
289 1087 337 1161 sit
371 1114 449 1184 res,
486 1117 572 1164 cum
604 1089 762 1193 ubique,
793 1107 873 1168 tum
907 1119 974 1188 eo,
1011 1097 1075 1192 ait,
1133 1161 1136 1179 .

49 1243 265 1318 apparere,
294 1215 398 1318 quod
412 1214 669 1314 Athenienses,
685 1247 708 1292 a
728 1221 894 1322 tyrannis
920 1225 1075 1324 regnati,
1125 1248 1131 1266 ‘

50 1343 176 1420 nullis
209 1372 253 1420 ex
280 1345 447 1420 finitimis
484 1345 634 1448 populis
670 1349 810 1424 fuerint
850 1352 1074 1452 superiores,

49 1475 209 1550 liberati
235 1503 324 1552 vcro
363 1479 551 1579 tyrannis,
586 1477 697 1582 longe
730 1479 843 1580 primi
875 1486 1074 1578 evaserint3

50 1599 174 1706 δηλοῖ
188 1599 228 1690 dl
245 1603 286 1688 ου’
307 1605 398 1692 κατ’
418 1604 459 1692 ἔν
480 1615 641 1703 irretitur,¹
658 1605 778 1690 α’λλοὶ
820 1619 1027 1710 πανταχῆ,
1051 1609 1076 1710 ai

52 1734 225 1842 ἶσηγορίη
244 1733 292 1819 ds
316 1737 398 1819 ἔστι
421 1745 554 1844 χρῆμα
578 1731 784 1820 σπουδαῖον.
809 1739 893 1814 Huc
914 1741 1075 1840 pertinet

52 1864 214 1940 Sosiclis
249 1863 312 1938 illa
341 1865 483 1960 oratio,
518 1852 799 1974 Corinthiorum
832 1866 962 1968 legati,
1000 1897 1075 1971 qua

54 1995 335 2109 Spartanorum
365 1996 586 2090 consilium,
617 1992 796 2094 Hippiam
830 1993 870 2070 in
902 2001 1074 2100 tyranni·-
1140 1978 1144 1987 ¹

56 2122 150 2198 dem
177 2126 413 2223 restituendi,
446 2125 700 2218 dissuasurus,
732 2119 971 2206 acerbissime
1009 2128 1074 2206 in-

51 2253 208 2332 vehitur
233 2256 273 2329 in
294 2261 492 2358 tyrannos,
518 2253 711 2354 maleque,
744 2278 840 2353 quae
865 2253 914 2328 ab
941 2283 1072 2333 eorum
1187 2287 1193 2296 “
1246 2312 1249 2322 ,

2 2448 3 2468 ,
48 2381 259 2480 insolentia
283 2381 383 2482 passi
408 2383 482 2456 sint
517 2379 721 2474 Corinthii,
748 2383 920 2480 exponit,
943 2387 1000 2476 V,
1023 2405 1073 2482 92

50 2514 147 2606 Qua
171 2511 213 2585 in
238 2509 419 2600 oratione,
445 2505 704 2608 pulcherrimis
736 2506 800 2582 illa
823 2505 926 2584 baud
959 2509 1074 2587 dubie

51 2638 291 2714 accensenda
313 2635 428 2712 totius
455 2635 578 2738 operis
603 2631 794 2740 partibus,
836 2665 914 2742 quo
952 2639 1074 2740 major
1183 2655 1185 2663 ⁴

53 2768 267 2870 conspicua
292 2781 346 2842 est
370 2793 430 2840 ars
453 2779 489 2842 ct
510 2763 713 2844 verborum
749 2767 805 2844 vis
829 2778 865 2841 et
906 2783 1073 2864 ornatus,

53 2923 103 2970 eo
130 2897 249 2998 magis
275 2895 393 2972 elucet
418 2893 603 2970 Herodoti
628 2891 807 2968 libertatis
843 2920 961 2988 amor,
988 2910 1072 2968 stu-

54 3025 263 3125 diumque,
288 3023 449 3100 liberum
476 3021 632 3098 civitatis
657 3035 793 3096 statum
817 3019 974 3121 civibus
996 3023 1072 3098 suis

55 3151 361 3229 commendandi.
386 3194 436 3210 --
462 3151 607 3224 Exosus
632 3150 765 3244 unius,
790 3149 902 3226 nullis
928 3150 1072 3252 legibus

60 3281 295 3378 adstrictam,
322 3261 636 3373 dominationem,
669 3277 763 3355 nihil
802 3278 966 3380 negligit,
994 3307 1071 3381 quo

57 3410 269 3512 perniciosa
295 3408 373 3507 ejus
396 3408 450 3484 vis
472 3413 661 3510 appa'rea't,
687 3433 764 3510 quo
789 3405 961 3508 inprimis
975 3409 1072 3483 Per-

57 3567 185 3616 sarum
209 3513 307 3638 regis
333 3535 509 3610 effrenata
536 3535 735 3611 insolentia
759 3535 893 3612 vividis
928 3535 1072 3616 colori·-,

54 3670 130 3746 hus
155 3671 276 3771 possit
301 3666 462 3768 depingi.
512 3669 615 3742 Haec
639 3665 680 3740 in
704 3663 862 3739 transitu
884 3655 930 3737 de
942 3647 1071 3737 Hero-
1179 3728 1183 3734 .
1305 3699 1311 3711 ·

57 3793 138 3866 doti
163 3789 343 3864 libertatis
368 3813 517 3880 amore,
544 3813 630 3860 cum
654 3784 854 3861 universali
879 3781 958 3880 ejus
980 3781 1072 3855 recti
1158 3886 1159 3894 ἵ

57 3939 184 3988 rerum
212 3910 355 3987 ordinis
372 3908 595 4009 cogitatione
613 3905 815 3981 arctissime
841 3897 1072 3977 cohaerente.
